@article{huang2003customizing,
  title={Customizing the branch predictor to reduce complexity and energy consumption},
  author={Huang, Michael C and Chaver, Daniel and Prieto, Manuel and Tirado, Francisco and others},
  journal={IEEE micro},
  number={5},
  pages={12--25},
  year={2003},
  publisher={IEEE}
}

@article{mohammadi2015demand,
  title={On-Demand Dynamic Branch Prediction},
  author={Mohammadi, Milad and Han, Song and Aamodt, Tor M and Dally, William J},
  journal={Computer Architecture Letters},
  volume={14},
  number={1},
  pages={50--53},
  year={2015},
  publisher={IEEE}
}
@inproceedings{hicks2007towards,
  title={Towards an energy efficient branch prediction scheme using profiling, adaptive bias measurement and delay region scheduling},
  author={Hicks, Michael and Egan, Colin and Christianson, Bruce and Quick, Patrick},
  booktitle={Design \& Technology of Integrated Systems in Nanoscale Era, 2007. DTIS. International Conference on},
  pages={19--24},
  year={2007},
  organization={IEEE}
}
@book{bielby2015ultra,
  title={Ultra low power cooperative branch prediction},
  author={Bielby, Matthew Iain},
  year={2015},
  publisher={The University of Edinburgh}
}
@inproceedings{evers1996using,
  title={Using hybrid branch predictors to improve branch prediction accuracy in the presence of context switches},
  author={Evers, Marius and Chang, Po-Yung and Patt, Yale N},
  booktitle={ACM SIGARCH Computer Architecture News},
  volume={24},
  number={2},
  pages={3--11},
  year={1996},
  organization={ACM}
}
@inproceedings{chang1995alternative,
  title={Alternative implementations of hybrid branch predictors},
  author={Chang, Po-Ying and Hao, Eric and Patt, Yale N},
  booktitle={Proceedings of the 28th annual international symposium on Microarchitecture},
  pages={252--257},
  year={1995},
  organization={IEEE Computer Society Press}
}
@inproceedings{chang1994branch,
  title={Branch classification: a new mechanism for improving branch predictor performance},
  author={Chang, Po-Yung and Hao, Eric and Yeh, Tse-Yu and Patt, Yale},
  booktitle={Proceedings of the 27th annual international symposium on Microarchitecture},
  pages={22--31},
  year={1994},
  organization={ACM}
}
@techreport{mcfarling1993combining,
	title={Combining branch predictors},
	author={McFarling, Scott},
	year={1993},
	institution={Technical Report TN-36, Digital Western Research Laboratory}
}

@inproceedings{patil2000combining,
  title={Combining static and dynamic branch prediction to reduce destructive aliasing},
  author={Patil, Harish and Emer, Joel},
  booktitle={High-Performance Computer Architecture, 2000. HPCA-6. Proceedings. Sixth International Symposium on},
  pages={251--262},
  year={2000},
  organization={IEEE}
}
@inproceedings{eden2001hybrid,
  title={Hybrid myths in branch prediction},
  author={Eden, AN and Ringenberg, J and Sparrow, S and Mudge, T},
  booktitle={Proc. 7th International Conference on Information Systems Analysis and Synthesis},
  year={2001}
}
@inproceedings{falcon2004prophet,
  title={Prophet/critic hybrid branch prediction},
  author={Falcon, Ayose and Stark, Jared and Ramirez, Alex and Lai, Konrad and Valero, Mateo},
  booktitle={ACM SIGARCH Computer Architecture News},
  volume={32},
  number={2},
  pages={250},
  year={2004},
  organization={IEEE Computer Society}
}
@techreport{mcfarling1993combining,
	title={Combining branch predictors},
	author={McFarling, Scott},
	year={1993},
	institution={Technical Report TN-36, Digital Western Research Laboratory}
}
@inproceedings{yeh1991two,
  title={Two-level adaptive training branch prediction},
  author={Yeh, Tse-Yu and Patt, Yale N},
  booktitle={Proceedings of the 24th annual international symposium on Microarchitecture},
  pages={51--61},
  year={1991},
  organization={ACM}
}
@article{yeh1992alternative,
  title={Alternative implementations of two-level adaptive branch prediction},
  author={Yeh, Tse-Yu and Patt, Yale N},
  journal={ACM SIGARCH Computer Architecture News},
  volume={20},
  number={2},
  pages={124--134},
  year={1992},
  publisher={ACM}
}
@article{seznec2006case,
  title={A case for (partially) TAgged GEometric history length branch prediction},
  author={Seznec, Andr{\'e} and Michaud, Pierre},
  journal={Journal of Instruction Level Parallelism},
  volume={8},
  pages={1--23},
  year={2006}
}
@inproceedings{amant2008low,
  title={Low-power, high-performance analog neural branch prediction},
  author={Amant, Ren{\'e}e St and Jimenez, Daniel and Burger, Doug and others},
  booktitle={Microarchitecture, 2008. MICRO-41. 2008 41st IEEE/ACM International Symposium on},
  pages={447--458},
  year={2008},
  organization={IEEE}
}
@inproceedings{tejas_web,
	title = { {ParTejas}: A Parallel Simulator for Multicore Processors},
	author = {Malhotra, G. and Aggarwal, P. and Sagar, A. and Sarangi, S. 
	R.},
	year = {2014},
	booktitle = {ISPASS}
}
@misc{simplescalar,
	title = {Simplescalar LLC},
	howpublished={\url {http://www.simplescalar.com/}}
}
@misc{sesc,
  title={SuperESCalar simulator},
  author={SESC, Pablo Montesinos Ortego P S},
  howpublished={\url{ http://iacoma. cs. uiuc. edu/-paulsack/sescdoc}}
}

@article{patterson1995accurate,
	title={Accurate static branch prediction by value range propagation},
	author={Patterson, Jason RC},
	booktitle={ACM SIGPLAN Notices},
	volume={30},
	number={6},
	pages={67--78},
	year={1995},
	}
@inproceedings{Luk:2005:PBC:1065010.1065034,
	author = {Luk, Chi-Keung and Cohn, Robert and Muth, Robert and Patil, Harish and Klauser, Artur and Lowney, Geoff and Wallace, Steven and Reddi, Vijay Janapa and Hazelwood, Kim},
	title = {Pin: Building Customized Program Analysis Tools with Dynamic Instrumentation},
	booktitle = {Proceedings of the 2005 ACM SIGPLAN Conference on Programming Language Design and Implementation},
	series = {PLDI '05},
	year = {2005},
	isbn = {1-59593-056-6},
	location = {Chicago, IL, USA},
	pages = {190--200},
	numpages = {11},
	url = {http://doi.acm.org/10.1145/1065010.1065034},
	doi = {10.1145/1065010.1065034},
	acmid = {1065034},
	publisher = {ACM},
	address = {New York, NY, USA},
	keywords = {dynamic compilation, instrumentation, program analysis tools},
} 
@article{seznec2007tage,
  title={The L-TAGE branch predictor},
  author={Seznec, Andr{\'e}},
  journal={Journal of Instruction-Level Parallelism},
  volume={9},
  year={2007}
}
@inproceedings{young1994improving,
	title={Improving the accuracy of static branch prediction using branch correlation},
	author={Young, Cliff and Smith, Michael D},
	booktitle={ACM Sigplan Notices},
	volume={29},
	number={11},
	pages={232--241},
	year={1994},
	organization={ACM}
}
@article{henning2006spec,
  title={SPEC CPU2006 benchmark descriptions},
  author={Henning, John L},
  journal={ACM SIGARCH Computer Architecture News},
  volume={34},
  number={4},
  pages={1--17},
  year={2006},
  publisher={ACM}
}
@misc{shah2001method,
  title={Method and apparatus for using static branch predictions hints with dynamically translated code traces to improve performance},
  author={Shah, Lacky V and Mattson Jr, James S and Buzbee, William B},
  year={2001},
  month=mar # "~20",
  publisher={Google Patents},
  note={US Patent 6,205,545}
}
@misc{burrows1999dynamically,
  title={Dynamically determining instruction hint fields},
  author={Burrows, Michael},
  year={1999},
  month=mar # "~23",
  publisher={Google Patents},
  note={US Patent 5,887,159}
}
@incollection{ramirez2001branch,
  title={Branch prediction using profile data},
  author={Ramirez, Alex and Larriba-Pey, Josep L and Valero, Mateo},
  booktitle={Euro-Par 2001 Parallel Processing},
  pages={386--394},
  year={2001},
  publisher={Springer}
}
@article{huang2003customizing,
  title={Customizing the branch predictor to reduce complexity and energy consumption},
  author={Huang, Michael C and Chaver, Daniel and Prieto, Manuel and Tirado, Francisco and others},
  journal={IEEE micro},
  number={5},
  pages={12--25},
  year={2003},
  publisher={IEEE}
}